<?xml version="1.0" encoding="UTF-8"?><collection><record><leader>08322ntm a22005772a 4500</leader><controlfield tag="001">006804955</controlfield><controlfield tag="003">MiAaHDL</controlfield><controlfield tag="005">20190719000000.0</controlfield><controlfield tag="006">m        d        </controlfield><controlfield tag="007">cr bn ---auaua</controlfield><controlfield tag="008">090529s13uu    xx            00| ||ara d</controlfield><datafield tag="035" ind1=" " ind2=" "><subfield code="a">(MiU)006804955</subfield></datafield><datafield tag="035" ind1=" " ind2=" "><subfield code="a">sdr-miu006804955</subfield></datafield><datafield tag="040" ind1=" " ind2=" "><subfield code="a">MiU</subfield><subfield code="c">MiU</subfield><subfield code="e">amremm</subfield></datafield><datafield tag="043" ind1=" " ind2=" "><subfield code="a">n-us-mi</subfield></datafield><datafield tag="100" ind1="1" ind2=" "><subfield code="6">880-01</subfield><subfield code="a">Ṣadr al-Shahīd, ʻUmar ibn ʻAbd al-ʻAzīz,</subfield><subfield code="d">1090 or 1091-1141.</subfield></datafield><datafield tag="245" ind1="1" ind2="0"><subfield code="6">880-03</subfield><subfield code="a">Kitāb Jāmiʻ al-ṣaghīr min al-kutub al-muʻtabarah fī al-fiqh,</subfield><subfield code="f">[14th century?].</subfield></datafield><datafield tag="246" ind1="3" ind2=" "><subfield code="6">880-04</subfield><subfield code="i">Title from colophon :</subfield><subfield code="a">Jāmiʻ al-ṣaghīr</subfield></datafield><datafield tag="260" ind1=" " ind2=" "><subfield code="c">[13--].</subfield></datafield><datafield tag="300" ind1=" " ind2=" "><subfield code="a">191 leaves :</subfield><subfield code="b">paper ;</subfield><subfield code="c">235 x 155 (160 x 90) mm. 235 x 155 mm.</subfield></datafield><datafield tag="500" ind1=" " ind2=" "><subfield code="a">Shelfmark: Ann Arbor, University of Michigan, Special Collections Library, Isl. Ms. 570</subfield></datafield><datafield tag="500" ind1=" " ind2=" "><subfield code="a">Origin: As appears in colophpon on fol.191a (p. 381) copied by Muḥammad ibn ʻAbd al-Raḥmān ibn Sayyār [?] but date and place of copying are not specified.</subfield></datafield><datafield tag="500" ind1=" " ind2=" "><subfield code="a">Accompanying materials: Acquisitions slip from Yahuda.</subfield></datafield><datafield tag="500" ind1=" " ind2=" "><subfield code="a">Former shelfmark: From spine label and inscription on interior of upper cover, "IL 70" (likely supplied by Yahuda).</subfield></datafield><datafield tag="500" ind1=" " ind2=" "><subfield code="a">Binding: Pasteboards covered in European laid paper with brown leather (goatskin) along edges/turn-ins, spine, and foreedge flap; Type II binding (with flap) ; interior of envelope flap and foreedge flap in same brown leather ; appears to date from the time of the page replacements and inserted table of contents, i.e. likely the late 17th century ; in fair condition, though the upper cover is beginning to detach, lower endband has suffered some damage exposing core and primaries, hinge of the upper cover is splitting, quires after the first are rather tightly bound, and linings of upper and lower covers show leather burn from the turn-ins and hinge ; codex is severly cocked (spine slant).</subfield></datafield><datafield tag="500" ind1=" " ind2=" "><subfield code="a">Support: non-European laid paper (Possibly post-1350 14th century Syro-Egyptian, see Loveday p. 83), somewhat thick and soft almost to the point of flocculence ; laid and chain lines are very difficult to discern ; laid lines run horizontally and are set closely together ; chain lines are occasionally visible, in once case what appears to be a set of 3 chainlines 11-12 mm. apart and a set of 2 chainlines 14-15 mm. apart, with the two sets roughly 22 mm. apart ; a European paper is used for the replaced leaves and for the added ternion at the beginning of the codex (carrying the table of contents) with vertical chain lines roughly 26-27 mm. apart and bearing a watermark of paschal lamb enclosed in a four-lobed circle, approx. 50 x 50 mm., similar but far from identical to Heawood 2840 (Verona, 1678), Piccard inv. J 340/no. 86801 (Innsbruck, 1625), and Piccard inv. J 340/no. 86802 (Venice, 1662) ; likely late 17th c. Italian (of special interest for dating the cover given that these repairs and additions seem to have been done when the cover was installed) ; some interesting reinforcements/page repairs done using waste from another old manuscript (see fol. 21a/p. 41).</subfield></datafield><datafield tag="500" ind1=" " ind2=" "><subfield code="a">Decoration: Text rubricated with overlining referring to the glosses in red ; an iron-gall ink, now significantly browned, was used until fol. 145a (p. 289), where the scribe switched to a carbon-based ink which is still quite black ; figure accompanying the text appears in the margin of fol. 125b (p. 250).</subfield></datafield><datafield tag="500" ind1=" " ind2=" "><subfield code="a">Script: Naskh ; same Syro-Egyptian hand throughout (including the vast majority of the gloss and with the exception of the replaced leaves) with tapering, non-serifed alifs and a mix of open and closed counters (tending towards open) ; both the lām alif al-mukhaffafah and al-warrāqīyah are used and kāf mabsūṭah is sometimes used ; fully pointed and occasionally vocallized.</subfield></datafield><datafield tag="500" ind1=" " ind2=" "><subfield code="a">Layout: Written in 17 lines per page ; frame-ruled.</subfield></datafield><datafield tag="500" ind1=" " ind2=" "><subfield code="a">Collation: IV+III (14), 16 IV(142), III(148), 5 IV(188), I+1 (191), i ; chiefly quaternions ; anomalous first quire is a quaternion into which a ternion has been sewn after the first leaf ; fol.8 and fol.191 are replacements on a different paper and in a different hand ; foliation in Hindu-Arabic numerals beginning at fol.9, added later and occasionally suppolied in red ink over the marginal gloss (seefol.186a / p.371) ; catchwords occasionally present with many likely lost to trimming ; pagination in pencil, Western numerals, supplied and referenced in cataloguing.</subfield></datafield><datafield tag="500" ind1=" " ind2=" "><subfield code="a">Colophon: "Scribal," triangular, reads: "وقد تم هذا الكتاب الخطير الشهير بالجامع الصغير بعناية الملك القدير على يدي اضعف عباده تعالى واحوجهم اليه تعالى وافقرهم الى مغفرة الله تعالى محمد بن عبد الرحمن بن سيار [؟] غفر الله له ولوالديه واحسن اليهما واليه تم تم تم"</subfield></datafield><datafield tag="500" ind1=" " ind2=" "><subfield code="a">Explicit: "فكذلك ما شرع لاجله الا ان المسلمين في سعة حتى يحتاج اليهم لانه فرض كفاية يتادى بالبعض ولالن المقصود اذا حصل بالبعض لم يبق فرضا لعدمه حتى يحتاج اليهم وذلك ان يعم النفير لان المقصود ههنا لا يحصل ببعضهم فيصير من فروض الاعيان والله اعلم واحكم"</subfield></datafield><datafield tag="500" ind1=" " ind2=" "><subfield code="a">Incipit: "رب يسر ولا تعسر الحمد لله رب العالمين والصلوة والسلام على خير خلقه محمد واله وصحبه الطيبين الطاهرين اجمعين قال الشيخ الامام الاجل حسام الدين عمر بن عبد العزيز البخاري اما بعد فان مشايخنا رحمهم الله يعظمون هذا الكتاب تعظيما ويقدمون على سائر الكتاب تقديما..."</subfield></datafield><datafield tag="500" ind1=" " ind2=" "><subfield code="a">Title from inscription on fol.1a (p.1).</subfield></datafield><datafield tag="500" ind1=" " ind2=" "><subfield code="a">Ms. codex.</subfield></datafield><datafield tag="510" ind1="4" ind2=" "><subfield code="a">Hajji Khalifah. Kashf al-ẓunūn,</subfield><subfield code="c">ii 557, no. 3913</subfield></datafield><datafield tag="510" ind1="4" ind2=" "><subfield code="a">Brockelmann, C. GAL,</subfield><subfield code="c">I, 172 ; I, 374, no.10</subfield></datafield><datafield tag="520" ind1="8" ind2=" "><subfield code="a">Ḥusām al-Dīn ʻUmar ibn ʻAbd al-ʻAzīz al-Ṣadr al-Shahīd al-Bukhārī's revision and explanation of al-Jāmiʻ al-ṣaghīr attributed to Muḥammad ibn al-Ḥasan al-Shaybānī (d.189/804), a work of Ḥanafī fiqh representing the legal opinions developed by and around Abū Ḥanīfah. Initial and final leaves replaced and supplied in a later hand, along with a table of contents. Extensive gloss in same hand as main text. Description provided by Noah Gardiner.</subfield></datafield><datafield tag="538" ind1=" " ind2=" "><subfield code="a">Mode of access: Internet.</subfield></datafield><datafield tag="541" ind1=" " ind2=" "><subfield code="a">Acquired in 1926 from the bookseller Isaac Benjamin S.E. Yahuda via purchase transacted on his behalf by Abraham Shalom Yahuda (1877-1951), his younger brother.</subfield></datafield><datafield tag="546" ind1=" " ind2=" "><subfield code="a">Arabic.</subfield></datafield><datafield tag="561" ind1=" " ind2=" "><subfield code="a">Ownership statement accompanied by circular seal impression of Mehmet Faik Küçük Hafız Efendizade, muftī in Antep (Turkey) with date ١٢٣٢[?] [1816 or 1817] appears on fol.8a (p.15) and reads: "مما ملكه الفقير بالشراء الشرعي الحافظ محمد الفائق كوچك حافظ افندي زاده المفتي بمدينة عينتاب" ; inscription in Persian on fol.1a (p.1) reads: "خواهد ار لد [؟] الهى لطف عميم حفني ابن حاج ابراهيم" ; extensive gloss in same hand as main text ; some marginal corrections.</subfield></datafield><datafield tag="600" ind1="1" ind2="0"><subfield code="a">Shaybānī, Muḥammad ibn al-Ḥasan,</subfield><subfield code="d">ca. 750-804 or 5.</subfield><subfield code="t">Jāmiʻ al-ṣaghīr.</subfield></datafield><datafield tag="650" ind1=" " ind2="0"><subfield code="a">Manuscripts, Arabic</subfield><subfield code="z">Michigan</subfield><subfield code="z">Ann Arbor.</subfield></datafield><datafield tag="650" ind1=" " ind2="0"><subfield code="a">Hanafites</subfield><subfield code="v">Early works to 1800.</subfield></datafield><datafield tag="650" ind1=" " ind2="0"><subfield code="a">Islamic law</subfield><subfield code="x">Interpretation and construction</subfield><subfield code="v">Early works to 1800.</subfield></datafield><datafield tag="700" ind1="0" ind2=" "><subfield code="6">880-06</subfield><subfield code="a">Mehmet Faik Küçük Hafız Efendizade,</subfield><subfield code="d">fl. 1816?,</subfield><subfield code="e">former owner.</subfield></datafield><datafield tag="700" ind1="0" ind2=" "><subfield code="6">880-05</subfield><subfield code="a">Muḥammad ibn ʻAbd al-Raḥmān ibn Sayyār,</subfield><subfield code="e">scribe.</subfield></datafield><datafield tag="773" ind1="0" ind2=" "><subfield code="a">Yahuda Collection.</subfield></datafield><datafield tag="880" ind1="0" ind2=" "><subfield code="6">700-06/</subfield><subfield code="a">محمد فائق كوچك حافظ افندى زاده,</subfield><subfield code="e">مالك سابق.</subfield></datafield><datafield tag="880" ind1="0" ind2=" "><subfield code="6">700-05/</subfield><subfield code="a">محمد بن عبد الرحمن بن سيار,</subfield><subfield code="e">ناسخ.</subfield></datafield><datafield tag="880" ind1="3" ind2=" "><subfield code="6">246-04/</subfield><subfield code="a">جامع الصغير</subfield></datafield><datafield tag="880" ind1="1" ind2="0"><subfield code="6">245-03/</subfield><subfield code="a">كتاب جامع الصغير من الكتب المعتبرة في الفقه,</subfield><subfield code="f">[القرن 14م؟].</subfield></datafield><datafield tag="880" ind1="1" ind2=" "><subfield code="6">100-01/</subfield><subfield code="a">صدر الشهيد، عمر بن عبد العزيز.</subfield></datafield><datafield tag="CID" ind1=" " ind2=" "><subfield code="a">006804955</subfield></datafield><datafield tag="DAT" ind1="0" ind2=" "><subfield code="a">20190719102636.0</subfield><subfield code="b">20190719000000.0</subfield></datafield><datafield tag="DAT" ind1="1" ind2=" "><subfield code="a">20190719090653.0</subfield><subfield code="b">2019-07-19T16:11:30Z</subfield></datafield><datafield tag="DAT" ind1="2" ind2=" "><subfield code="a">2015-10-02T18:00:03Z</subfield></datafield><datafield tag="CAT" ind1=" " ind2=" "><subfield code="a">SDR-MIU</subfield><subfield code="d">EX LIBRIS - ALEPH</subfield><subfield code="l">prepare.pl-004-008</subfield></datafield><datafield tag="FMT" ind1=" " ind2=" "><subfield code="a">BK</subfield></datafield><datafield tag="HOL" ind1=" " ind2=" "><subfield code="0">sdr-miu006804955</subfield><subfield code="a">MiU</subfield><subfield code="b">SDR</subfield><subfield code="c">MIU</subfield><subfield code="p">mdp.39015079126978</subfield><subfield code="s">MIU</subfield><subfield code="1">006804955</subfield></datafield><datafield tag="974" ind1=" " ind2=" "><subfield code="b">MIU</subfield><subfield code="c">MIU</subfield><subfield code="d">20190719</subfield><subfield code="s">lit-dlps-dc</subfield><subfield code="u">mdp.39015079126978</subfield><subfield code="y">1399</subfield><subfield code="r">pd</subfield><subfield code="q">bib</subfield><subfield code="t">non-US bib date1 &lt; 1879</subfield></datafield></record></collection>